<collection xmlns="http://www.loc.gov/MARC21/slim">
   <record>
      <leader>05646cam a2200469 i 4500</leader>
      <controlfield tag="001">6812461</controlfield>
      <controlfield tag="003">OCoLC</controlfield>
      <controlfield tag="005">20150216170529.0</controlfield>
      <controlfield tag="008">140424s2015    nyua     b    001 0 eng  </controlfield>
      <datafield ind1=" " ind2=" " tag="010">
         <subfield code="a">  2014015035</subfield>
      </datafield>
      <datafield ind1=" " ind2=" " tag="015">
         <subfield code="a">GBB487064</subfield>
         <subfield code="2">bnb</subfield>
      </datafield>
      <datafield ind1="7" ind2=" " tag="016">
         <subfield code="a">016829563</subfield>
         <subfield code="2">Uk</subfield>
      </datafield>
      <datafield ind1=" " ind2=" " tag="020">
         <subfield code="a">9781107051744 (hardback)</subfield>
      </datafield>
      <datafield ind1=" " ind2=" " tag="020">
         <subfield code="a">1107051746 (hardback)</subfield>
      </datafield>
      <datafield ind1=" " ind2=" " tag="035">
         <subfield code="a">ocn878527499</subfield>
      </datafield>
      <datafield ind1=" " ind2=" " tag="040">
         <subfield code="a">DLC</subfield>
         <subfield code="b">eng</subfield>
         <subfield code="e">rda</subfield>
         <subfield code="c">DLC</subfield>
         <subfield code="d">BTCTA</subfield>
         <subfield code="d">UKMGB</subfield>
         <subfield code="d">OCLCF</subfield>
         <subfield code="d">YDXCP</subfield>
         <subfield code="d">EYM</subfield>
         <subfield code="d">NDD</subfield>
         <subfield code="d">STF</subfield>
         <subfield code="d">UAB</subfield>
         <subfield code="d">AEU</subfield>
      </datafield>
      <datafield ind1=" " ind2=" " tag="042">
         <subfield code="a">pcc</subfield>
      </datafield>
      <datafield ind1="0" ind2="0" tag="050">
         <subfield code="a">GV1469.3</subfield>
         <subfield code="b">.D48 2015</subfield>
      </datafield>
      <datafield ind1="0" ind2="0" tag="082">
         <subfield code="a">794.8</subfield>
         <subfield code="2">23</subfield>
      </datafield>
      <datafield ind1=" " ind2=" " tag="084">
         <subfield code="a">COM079000</subfield>
         <subfield code="2">bisacsh</subfield>
      </datafield>
      <datafield ind1=" " ind2=" " tag="090">
         <subfield code="a">GV 1469.3 D48 2015</subfield>
         <subfield code="b">AEU</subfield>
      </datafield>
      <datafield ind1="0" ind2="0" tag="245">
         <subfield code="a">Design and development of training games :</subfield>
         <subfield code="b">practical guidelines from a multidisciplinary perspective /</subfield>
         <subfield code="c">edited by Talib S. Hussain (Raytheon BBN Technologies), Susan L. Coleman (Intelligent Decision Systems, Inc.).</subfield>
      </datafield>
      <datafield ind1=" " ind2="1" tag="264">
         <subfield code="a">New York, NY :</subfield>
         <subfield code="b">Cambridge University Press,</subfield>
         <subfield code="c">2015.</subfield>
      </datafield>
      <datafield ind1=" " ind2=" " tag="300">
         <subfield code="a">xvii, 551 pages :</subfield>
         <subfield code="b">illustrations ;</subfield>
         <subfield code="c">26 cm</subfield>
      </datafield>
      <datafield ind1=" " ind2=" " tag="336">
         <subfield code="a">text</subfield>
         <subfield code="2">rdacontent</subfield>
         <subfield code="0">http://id.loc.gov/vocabulary/contentTypes/txt</subfield>
      </datafield>
      <datafield ind1=" " ind2=" " tag="337">
         <subfield code="a">unmediated</subfield>
         <subfield code="2">rdamedia</subfield>
         <subfield code="0">http://id.loc.gov/vocabulary/mediaTypes/n</subfield>
      </datafield>
      <datafield ind1=" " ind2=" " tag="338">
         <subfield code="a">volume</subfield>
         <subfield code="2">rdacarrier</subfield>
         <subfield code="0">http://id.loc.gov/vocabulary/carriers/nc</subfield>
      </datafield>
      <datafield ind1=" " ind2=" " tag="504">
         <subfield code="a">Includes bibliographical references and index.</subfield>
      </datafield>
      <datafield ind1="0" ind2=" " tag="505">
         <subfield code="a">Introduction / Talib S. Hussain and Susan L. Coleman -- Learning-game disciplines: their methods, strengths, and challenges / Talib S. Hussain, Ellen Menaker, John J. Lee and Wallace Feurzeig -- Communication for stronger learning game design / Susan L. Coleman, Ellen S. Menaker, Jennifer McNamara and Tristan E. Johnson -- Instructional and gaming elements: what are they and where do they intersect? / Katelyn Procci and Clint Bowers -- Story for learning and gaming / Caroline Masse, Kelly Pounds, Eric Church, Robert E. Waters and Vance Souders -- Authenticity in learning games / Michael Anthony, Erin Heiser, and Terry Chandler -- Design better games: flow, motivation, and fun / Curtiss Murphy, Dustin Chertoff, Michael Guerrero and Kerry Moffitt -- Bridging the gap from design to implementation / Talib S. Hussain and John Ostwald -- Integrating games into learning environments / Jo MacDonald, Perry McDowell, Daniel Siegel and Jesús R. De Leon -- Multidisciplinary learning game development method / Talib S. Hussain -- Game review criteria / Susan L. Coleman and Talib S. Hussain -- Game review: VESSEL Damage Control Trainer / Alicia Sanchez -- Development methods: VESSEL Damage Control Trainer / Talib S. Hussain -- Game review: Quest Atlantis / Michael Thome -- Development methods: Quest Atlantis / Jesús R. De Leon and Janine McGrath -- Game review: Computer Based Corpsman Training System / Susan L. Coleman -- Development methods: Computer Based Corpsman Training System / Howard Mall -- Game review: Virtual Dental Implant Trainer / Dustin Chertoff -- Development methods: Virtual Dental Implant Trainer / Robert E. Waters, Jennifer McNamara, Ed Fletcher and Isaac Jeppsen -- Game review: DARWARS Ambush! / Howard Mall -- Development methods: DARWARS Ambush! / Bruce Roberts and David Diller -- Game review: Procurement Fraud Indicators / Michael Freeman and Vance Souders -- Development methods: Procurement Fraud Indicators / Alicia Sanchez and Dustin Clingman -- Game review: Practice Marketing / Krista Langkamer Ratwani and Kara L. Orvis -- Development methods: Practice Marketing / David Martz and Tyler Vogel.</subfield>
      </datafield>
      <datafield ind1=" " ind2=" " tag="520">
         <subfield code="a">"The multidisciplinary nature of learning-games development is key to successful projects. In this book, leaders in the field of serious games and professionals in entertainment games share practical guidelines and lessons learned from their own experiences researching and developing learning games. This volume includes: [bullet] A summary of the key elements of design and development that require particular attention from multiple disciplines to ensure success [bullet] An overview of successful models and methods, and of the tradeoffs made throughout the process, to help guide development [bullet] Cohesive, multidisciplinary views of the issues that may arise and of the techniques applied in order to produce effective learning games grounded in specific experiences, community consensus, and analysis of successful learning games that have already been released [bullet] The stories behind the games, to illustrate how final design and development decisions were reached. Aimed at professionals and academics interested in developing and researching learning games, it offers a comprehensive picture of the state of the art"--</subfield>
         <subfield code="c">Provided by publisher.</subfield>
      </datafield>
      <datafield ind1=" " ind2=" " tag="596">
         <subfield code="a">16 41</subfield>
      </datafield>
      <datafield ind1=" " ind2="0" tag="650">
         <subfield code="a">Computer games</subfield>
         <subfield code="x">Design.</subfield>
         <subfield code="0">http://id.loc.gov/authorities/subjects/sh2008101479</subfield>
      </datafield>
      <datafield ind1=" " ind2="0" tag="650">
         <subfield code="a">Educational games.</subfield>
         <subfield code="0">http://id.loc.gov/authorities/subjects/sh85041126</subfield>
      </datafield>
      <datafield ind1=" " ind2="0" tag="650">
         <subfield code="a">Video games.</subfield>
         <subfield code="0">http://id.loc.gov/authorities/subjects/sh85143202</subfield>
      </datafield>
      <datafield ind1=" " ind2="0" tag="650">
         <subfield code="a">Simulation games.</subfield>
         <subfield code="0">http://id.loc.gov/authorities/subjects/sh2005005589</subfield>
      </datafield>
      <datafield ind1="1" ind2=" " tag="700">
         <subfield code="a">Hussain, Talib S.,</subfield>
         <subfield code="d">1969-</subfield>
         <subfield code="0">http://id.loc.gov/authorities/names/n2014022326</subfield>
         <subfield code="0">http://viaf.org/viaf/104148207858300341502</subfield>
      </datafield>
      <datafield ind1="1" ind2=" " tag="700">
         <subfield code="a">Coleman, Susan L.,</subfield>
         <subfield code="d">1961-</subfield>
         <subfield code="0">http://id.loc.gov/authorities/names/n2014022335</subfield>
         <subfield code="0">http://viaf.org/viaf/122148207866700341494</subfield>
      </datafield>
      <datafield ind1=" " ind2=" " tag="758">
         <subfield code="0">http://worldcat.org/entity/work/id/4267674</subfield>
      </datafield>
      <datafield ind1="0" ind2=" " tag="787">
         <subfield code="n">OCLC Work Id</subfield>
         <subfield code="o">http://worldcat.org/entity/work/id/4267674</subfield>
      </datafield>
      <datafield ind1=" " ind2=" " tag="949">
         <subfield code="a">GV 1469.3 D48 2015</subfield>
         <subfield code="h">UAAU-B</subfield>
         <subfield code="i">0162035244944</subfield>
      </datafield>
      <datafield ind1=" " ind2=" " tag="926">
         <subfield code="a">GV 1469.3 D48 2015</subfield>
         <subfield code="w">LC</subfield>
         <subfield code="c">1</subfield>
         <subfield code="i">0162035244944</subfield>
         <subfield code="l">ON_SHELF</subfield>
         <subfield code="m">UAAUG</subfield>
         <subfield code="p">$150.00</subfield>
         <subfield code="r">Y</subfield>
         <subfield code="s">Y</subfield>
         <subfield code="t">BOOK</subfield>
         <subfield code="u">2/26/2015</subfield>
      </datafield>
      <datafield ind1=" " ind2=" " tag="926">
         <subfield code="a">GV 1469.3 D48 2015</subfield>
         <subfield code="w">LC</subfield>
         <subfield code="c">1</subfield>
         <subfield code="i">0162035257581</subfield>
         <subfield code="d">2/27/2017</subfield>
         <subfield code="e">1/16/2017</subfield>
         <subfield code="l">FLOOR_2</subfield>
         <subfield code="m">UAEDUC</subfield>
         <subfield code="n">7</subfield>
         <subfield code="p">$150.00</subfield>
         <subfield code="r">Y</subfield>
         <subfield code="s">Y</subfield>
         <subfield code="t">BOOK</subfield>
         <subfield code="u">3/19/2015</subfield>
      </datafield>
   </record>
</collection>
